<?xml version="1.0" encoding="UTF-8"?><collection xmlns="http://www.loc.gov/MARC21/slim"><record><leader>00409nam--2200157-i-4500</leader><controlfield tag="001">000009747</controlfield><controlfield tag="002">20161230</controlfield><controlfield tag="005">20170302002016</controlfield><controlfield tag="008">060222s1000------------r-----000-0-eng-d</controlfield><datafield ind1=" " ind2=" " tag="100"><subfield code="a">Balta, Eugenia</subfield></datafield><datafield ind1=" " ind2=" " tag="245"><subfield code="a">Introducere in chimia fizicii a starii vitroase</subfield></datafield><datafield ind1=" " ind2=" " tag="260"><subfield code="a">Bucuresti</subfield><subfield code="b">Ed.Acad.R.S.R</subfield><subfield code="c">1971</subfield></datafield><datafield ind1=" " ind2=" " tag="300"><subfield code="a">240 p</subfield></datafield><datafield ind1=" " ind2=" " tag="700"><subfield code="a">Balta, Petru</subfield></datafield><datafield ind1=" " ind2=" " tag="852"><subfield code="a">541.1:666.11</subfield></datafield><datafield ind1=" " ind2=" " tag="CAT"><subfield code="a">SYS</subfield><subfield code="c">20170302</subfield><subfield code="h">002016</subfield></datafield></record></collection>